@article{Arnold:2013,
  author = {Arnold, E.M. and Hamner, S.R. and Seth, A. and Millard, M. and Delp, S.L.},
  title = {{How muscle fiber lengths and velocities affect muscle force generation as humans walk and run at different speeds}},
  doi = {10.1242/jeb.075697},
  pages = {2150--2160},
  journal = {The Journal of Experimental Biology},
  year = {2013}
}
@article{Arones:2020,
  author = {Arones, M.M. and Shourijeh, M.S. and Patten, C. and Fregly, B.J.},
  title = {{Musculoskeletal Model Personalization Affects Metabolic Cost Estimates for Walking}},
  doi = {10.3389/fbioe.2020.588925},
  volume = {8},
  pages = {588925},
  journal = {Frontiers in Bioengineering and Biotechnology},
  year = {2020}
}
@article{Bryan:2020,
  author = {Bryan, G.M. and Franks, P.W. and Klein, S.C. and Peuchen, R.J. and Collins, S.H.},
  title = {{A hip–knee–ankle exoskeleton emulator for studying gait assistance}},
  doi = {10.1177/0278364920961452},
  journal = {The International Journal of Robotics Research},
  year = {2020}
}
@article{Collins:2015,
  author = {Collins, S.H. and Wiggin, M.B. and Sawicki, G.S.},
  title = {{Reducing the energy cost of human walking using an unpowered exoskeleton}},
  doi = {10.1038/nature14288},
  volume = {522},
  pages = {212--215},
  journal = {Nature},
  year = {2015}
}
@article{Cornwall:2015,
  author = {Cornwall, W.},
  title = {{In pursuit of the perfect power suit}},
  doi = {10.1126/science.350.6258.270},
  volume = {350},
  number = {6258},
  pages = {270--273},
  journal = {Science},
  year = {2015},
}
@article{Delp:2007,
  author = {Delp, S.L. and Anderson, F.C. and Arnold, A.S. and Loan, P. and Habib, A. and John, C.T. and Guendelman, E. and Thelen, D.G.},
  title = {{OpenSim: Open-Source Software to Create and Analyze Dynamic Simulations of Movement}},
  doi = {10.1109/TBME.2007.901024},
  volume = {54},
  number = {11},
  pages = {1940--1950},
  journal = {IEEE Transactions on Biomedical Engineering},
  year = {2007},
}
@article{DeGroote:2016,
  author = {De Groote, F. and Kinney, A.L. and Rao, A.V. and Fregly, B.J.},
  title = {{Evaluation of Direct Collocation Optimal Control Problem Formulations for Solving the Muscle Redundancy Problem}},
  doi = {10.1007/s10439-016-1591-9},
  journal = {Annals of Biomedical Engineering},
  year = {2016},
}
@article{Dembia:2017,
  author = {Dembia, C.L. and Silder, A. and Uchida, T.K. and Hicks, J.L. and Delp, S.L.},
  title = {{Simulating ideal assistive devices to reduce the metabolic cost of walking with heavy loads}},
  doi = {10.1371/journal.pone.0163417},
  volume = {12},
  number = {7},
  pages = {e0180320},
  journal = {PLoS One},
  year = {2017},
}
@article{Ding:2016,
  author = {Ding, Y. and Panizzolo, F.A. and Siviy, C. and Malcolm, P. and Galiana, I. and Holt, K.G. and Walsh, C.J.},
  title = {{Effect of timing of hip extension assistance during loaded walking with a soft exosuit}},
  doi = {10.1186/s12984-016-0196-8},
  volume = {13},
  number = {87},
  journal = {Journal of NeuroEngineering and Rehabilitation},
  year = {2016},
}
@article{Ding:2017,
  author = {Ding, Y. and Galiana, I. and Asbeck, A.T. and De Rossi, S.M.M. and Bae, J. and Santos, T.R.T. and de Ar{\'{u}}jo, V.L. and Lee, S. and Holt, K.G. and Walsh, C.},
  title = {{Biomechanical and Physiological Evaluation of Multi-Joint Assistance With Soft Exosuits}},
  doi = {10.1109/TNSRE.2016.2523250},
  volume = {25},
  number = {2},
  pages = {119--130},
  journal = {IEEE Transactions on Neural and Rehabilitation Systems Engineering},
  year = {2017},
}
@article{Ding:2018,
  author = {Ding, Y. and Kim, M. and Kuindersma, S. and Walsh, C.J.},
  title = {{Human-in-the-loop optimization of hip assistance with a soft exosuit during walking}},
  doi = {10.1126/scirobotics.aar5438},
  volume = {3},
  pages = {eaar5438},
  journal = {Science Robotics},
  year = {2018},
}
@article{Farris:2012,
  author = {Farris, D.J. and Sawicki, G.S.},
  title = {{The mechanics and energetics of human walking and running: a joint level perspective}},
  doi = {10.1098/rsif.2011.0182},
  volume = {9},
  number = {66},
  pages = {110--118},
  journal = {Journal of the Royal Society Interface},
  year = {2012},
}
@article{Fournier:2018,
  author = {Fournier, B.N. and Lemaire, E.D. and Smith, A.J.J. and Doumit, M.},
  title = {{ Modeling and Simulation of a Lower Extremity Powered Exoskeleton}},
  doi = {10.1109/TNSRE.2018.2854605},
  volume = {26},
  number = {8},
  pages = {1596--1603},
  journal = {IEEE Transactions on Neural Systems and Rehabilitation Engineering},
  year = {2018},
}
@inproceedings{Franks:2020,
  author="Franks, P.W. and Bianco, N.A. and Bryan, G.M. and Hicks, J.L. and Delp, S.L. and Collins, S.H.",
  title="Testing simulated assistance strategies on a hip-knee-ankle exoskeleton: a case study",
  doi="10.1109/BioRob49111.2020.9224345",
  booktitle="2020 8th IEEE RAS/EMBS International Conference for Biomedical Robotics and Biomechatronics (BioRob)",
  year="2020",
  publisher="IEEE",
  address="New York, NY, USA",
  isbn="978-1-7281-5908-9"
}
@article{Galle:2017,
  author = {Galle, S. and Malcolm, P. and Collins, S.H. and De Clercq, D.},
  title = {{Reducing the metabolic cost of walking with an ankle exoskeleton: interaction between actuation timing and power}},
  doi = {10.1186/s12984-017-0235-0},
  volume = {14},
  number = {35},
  journal = {Journal of NeuroEngineering and Rehabilitation},
  year = {2017},
}
@article{Gordon:2018,
  author = {Gordon, D.F.N. and Henderson, G. and Vijayakumar, S.},
  title = {{Effectively Quantifying the Performance of Lower-Limb Exoskeletons Over a Range of Walking Conditions}},
  doi = {10.3389/frobt.2018.00061},
  volume = {5},
  number = {61},
  journal = {Frontiers in Robotics and AI},
  year = {2018},
}
@article{Gordon:2007,
  author = {Gordon, K.E. and Ferris, D.P.},
  title = {{Learning to walk with a robotic ankle exoskeleton}},
  doi = {10.1016/j.jbiomech.2006.12.006},
  volume = {40},
  pages = {2636–2644},
  journal = {Journal of Biomechanics},
  year = {2007},
}
@article{Grabke:2019,
  author = {Grabke, E.P. and Masani, K. and Andrysek, J.},
  title = {{Lower Limb Assistive Device Design Optimization Using Musculoskeletal Modeling: A Review}},
  doi = {10.1115/1.4044739},
  volume = {13},
  pages = {040801},
  journal = {Journal of Medical Devices},
  year = {2019},
}
@article{Handsfield:2014,
  author = {Handsfield, G.G. and Meyer, C.H. and Hart, J.M. and Abel, M.F. and Blemker, S.S.},
  title = {{Relationships of 35 lower limb muscles to height and body mass quantified using MRI}},
  doi = {10.1016/j.jbiomech.2013.12.002},
  volume = {47},
  pages = {631--638},
  journal = {Journal of Biomechanics},
  year = {2014},
}
@article{Hicks:2015,
  author = {Hicks, J.L. and Uchida, T.K. and Seth, A. and Rajagopal, A. and Delp, S.L.},
  title = {{Is my model good enough? Best practices for verification and validation of musculoskeletal models and simulations of human movement}},
  doi = {10.1115/1.4029304},
  volume = {137},
  journal = {Journal of Biomechanical Engineering},
  year = {2015},
}
@article{Jackson:2015,
  author = {Jackson, R.W. and Collins, S.H.},
  title = {{An experimental comparison of the relative benefits of work and torque assistance in ankle exoskeletons}},
  doi = {10.1152/japplphysiol.01133.2014},
  volume = {119},
  pages = {541--557},
  journal = {Journal of Applied Physiology},
  year = {2015},
}
@article{Jackson:2017,
  author = {Jackson, R.W. and Dembia, C.L. and Delp, S.L. and Collins, S.H.},
  title = {{Muscle-tendon mechanics explain unexpected effects of exoskeleton assistance on metabolic rate during walking}},
  doi = {10.1242/jeb.150011},
  volume = {220},
  number = {11},
  pages = {2082--2095},
  journal = {Journal of Experimental Biology},
  year = {2017},
}
@article{Kim:2019,
  author = {Kim, J. and Lee, G. and Heimgartner, R. and Revi, D.A. and Karavas, N. and Nathanson, D. and Galiana, I. and Eckert-Erdheim, A. and Murphy, P. and Perry, D. and Menard, N. and Choe, D.K. and Malcolm, P. and Walsh, C.J.},
  title = {{Reducing the metabolic rate of walking and running with a versatile, portable exosuit}},
  doi = {10.1126/science.aav7536},
  volume = {365},
  pages = {668--672},
  journal = {Science},
  year = {2019},
}
@article{Koelewijn:2018,
  author = {Koelewijn, A.D. and Dorschky, A. and van den Bogert, A.J.},
  title = {{A metabolic energy expenditure model with a continuous first derivative and its application to predictive simulations of gait}},
  doi = {10.1080/10255842.2018.1490954},
  volume = {21},
  number = {8},
  pages = {521--531},
  journal = {Computer Methods in Biomechanics and Biomedical Engineering},
  year = {2018},
}
@article{Koller:2015,
  author = {Koller, J.R. and Jacobs, D.A. and Ferris, D.P. and Remy, C.D.},
  title = {{Learning to walk with an adaptive gain proportional myoelectric controller for a robotic ankle exoskeleton}},
  doi = {10.1186/s12984-015-0086-5},
  volume = {12},
  number = {97},
  journal = {Journal ofNeuroEngineering and Rehabilitation},
  year = {2015},
}
@article{Lee:2017,
  author = {Lee, G. and Kim, J. and Panizzolo, F.A. and Zhou, Y.M. and Baker, L.M. and Galiana, I. and Malcolm, P. and Walsh, C.J.},
  title = {{Reducing the metabolic cost of running with a tethered soft exosuit}},
  doi = {10.1126/scirobotics.aan6708},
  volume = {2},
  pages = {eaan6708},
  journal = {Science},
  year = {2017},
}
@article{Lee:2018,
  author = {Lee, S. and Kim, J. and Baker, L. and Long, A. and Karavas, N. and Menard, N. and Galiana, I. and Walsh, C.J.},
  title = {{Autonomous multi-joint soft exosuit with augmentation-power-based control parameter tuning reduces energy cost of loaded walking}},
  doi = {10.1186/s12984-018-0410-y},
  volume = {15},
  number = {66},
  journal = {Journal of NeuroEngineering and Rehabilitation},
  year = {2018},
}
@article{Lim:2019,
  author = {Lim, B. and Lee, J. and Kim, K. and Park, Y.J. and Seo, K. and Shim, Y.},
  title = {{Delayed Output Feedback Control for Gait Assistance With a Robotic Hip Exoskeleton}},
  doi = {10.1109/TRO.2019.2913318},
  volume = {35},
  number = {4},
  pages = {1055--1062},
  journal = {IEEE Transactions on Robotics},
  year = {2019},
}
@article{Malcolm:2013,
  author = {Malcolm, P. and Derave, W. and Galle, S. and De Clercq, D.},
  title = {{A Simple Exoskeleton That Assists Plantarflexion Can Reduce the Metabolic Cost of Human Walking}},
  doi = {doi:10.1371/journal.pone.0056137},
  volume = {8},
  number = {2},
  pages = {e56137},
  journal = {PLoS One},
  year = {2013},
}
@article{Malcolm:2018,
  author = {Malcolm, P. and Galle, S. and Derave, W. and De Clercq, D.},
  title = {{Bi-articular knee-ankle-foot exoskeleton produces higher metabolic cost reduction than weight-matched mono-articular exoskeleton}},
  doi = {10.3389/fnins.2018.00069},
  volume = {12},
  number = {69},
  journal = {Frontiers in Neuroscience},
  year = {2018},
}
@article{Manns:2017,
  author = {Manns, P. and Sreenivasa, M. and Millard, M. and Mombaur, K.},
  title = {{Motion optimization and parameter identification for a human and lower-back exoskeleton model}},
  doi = {10.1109/LRA.2017.2676355},
  volume = {2},
  number = {3},
  pages = {1564--1570},
  journal = {IEEE Robotics and Automation Letters},
  year = {2017},
}
@article{Meyer:2016,
  author = {Meyer, A.J. and Eskinazi, I. and Jackson, J.N. and Rao, A.V. and Patten, C.P. and Fregly, B.J.},
  title = {{Muscle Synergies Facilitate Computational Prediction of Subject-Specific Walking Motions}},
  doi = {10.3389/fbioe.2016.00077},
  volume = {4},
  number = {77},
  journal = {Frontiers in Bioengineering and Biotechnology},
  year = {2016},
}
@article{Mooney:2014,
  author = {Mooney, L.M. and Rouse, E.J. and Herr, H.M.},
  title = {{Autonomous exoskeleton reduces metabolic cost of human walking during load carriage}},
  doi = {10.1186/1743-0003-11-80},
  volume = {80},
  journal = {Journal of NeuroEngineering and Rehabilitation},
  year = {2014},
}
@article{Novacheck:1998,
  author = {Novacheck, T.F.},
  title = {{The biomechanics of running}},
  doi = {10.1016/s0966-6362(97)00038-6},
  volume = {7},
  pages = {77--95},
  journal = {Gait and Posture},
  year = {1998},
}
@article{Nuckols:2020,
  author = {Nuckols, R.W. and Dick, T.J.M. and Beck, O.N. and Sawicki, G.S.},
  title = {{Ultrasound imaging links soleus muscle neuromechanics and energetics during human walking with elastic ankle exoskeletons}},
  doi = {10.1038/s41598-020-60360-4},
  volume = {10},
  number = {3604},
  journal = {Scientific Reports},
  year = {2020},
}
@article{Ong:2019,
  author = {Ong, C.F. and Geijtenbeek, T. and Hicks, J.L. and Delp, S.L.},
  title = {{Predicting gait adaptations due to ankle plantarflexor muscle weakness and contracture using physics-based musculoskeletal simulations}},
  doi = {10.1371/journal.pcbi.1006993},
  volume = {15},
  number = {10},
  pages = {e1006993},
  journal = {PLoS Computational Biology},
  year = {2019},
}
@article{Panizzolo:2016,
  author = {Panizzolo, F.A. and Galiana, I. and Asbeck, A.T. and Siviy, C. and Schmidt, K. and Holt, K.G. and Walsh, C.J.},
  title = {{A biologically-inspired multi-joint soft exosuit that can reduce the energy cost of loaded walking}},
  doi = {10.1186/s12984-016-0150-9},
  volume = {13},
  number = {43},
  journal = {Journal of NeuroEngineering and Rehabilitation},
  year = {2016},
}
@article{Patterson:2014,
  author = {Patterson, M.A. and Rao, A.V.},
  title = {{GPOPS − II: A MATLAB Software for Solving Multiple-Phase Optimal Control Problems Using hp-Adaptive Gaussian Quadrature Collocation Methods and Sparse Nonlinear Programming}},
  doi = {10.1145/2558904},
  volume = {41},
  number = {1},
  journal = {ACM Transactions on Mathematical Software},
  year = {2014},
}
@article{Quinlivan:2017,
  author = {Quinlivan, B.T. and Lee, S. and Malcolm, P. and Rossi, D.M. and Grimmer, M. and Siviy, C. and Karavas, N. and Wagner, D. and Asbeck, A. and Galiana, I.  and Walsh, C.J.},
  title = {{Assistance magnitude versus metabolic cost reductions for a tethered multiarticular soft exosuit}},
  doi = {10.1126/scirobotics.aah4416},
  volume = {2},
  pages = {eaah4416},
  journal = {Science Robotics},
  year = {2017},
}
@article{Rajagopal:2016,
  author = {Rajagopal, A. and Dembia, C.L. and DeMers, M.S. and Delp, D.D. and Hicks, J.L. and Delp, S.L.},
  title = {{Full-Body Musculoskeletal Model for Muscle-Driven Simulation of Human Gait}},
  doi = {10.1109/TBME.2016.2586891},
  volume = {63},
  number = {10},
  journal = {IEEE Transactions on Biomedical Engineering},
  year = {2016},
}
@article{Sawicki:2020,
  author = {Sawicki, G.S. and Beck, O.N. and Kang, I. and Young, A.J.},
  title = {{The exoskeleton expansion : improving walking and running economy}},
  doi = {10.1186/s12984-020-00663-9},
  volume = {17},
  number = {25},
  journal = {Journal of NeuroEngineering and Rehabilitation},
  year = {2020},
}
@article{Sawicki:2008,
  author = {Sawicki, G.S. and Ferris, D.P.},
  title = {{Mechanics and energetics of level walking with powered ankle exoskeletons}},
  doi = {10.1242/jeb.009241},
  volume = {211},
  pages = {1402--1413},
  journal = {The Journal of Experimental Biology},
  year = {2008},
}
@article{Silder:2007,
  author = {Silder, A. and Whittington, B. and Heiderscheit, B. and Thelen, D.G.},
  title = {{Identification of passive elastic joint moment-angle relationships in the lower extremity}},
  doi = {10.1016/j.jbiomech.2006.12.017},
  volume = {40},
  pages = {2628--2635},
  journal = {Journal of Biomechanics},
  year = {2007},
}
@article{Silder:2013,
  author = {Silder, A. and Delp, S.L. and Besier, T.},
  title = {{Men and women adopt similar walking mechanics and muscle activation patterns during load carriage}},
  doi = {10.1016/j.jbiomech.2013.06.020},
  volume = {46},
  number = {14},
  pages = {2522--2528},
  journal = {Journal of Biomechanics},
  year = {2013},
}
@article{Uchida:2016,
  author = {Uchida, T.K. and Seth, A. and Pouya, S. and Dembia, C.L. and Hicks, J.L. and Delp, S.L.},
  title = {{Simulating Ideal Assistive Devices to Reduce the Metabolic Cost of Running}},
  doi = {10.1371/journal.pone.0163417},
  volume = {11},
  number = {9},
  pages = {e0163417},
  journal = {PLoS One},
  year = {2016},
}
@article{Umberger:2003,
  author = {Umberger, B.R. and Gerritsen, K.G.M. and Martin, P.E.},
  title = {{A Model of Human Muscle Energy Expenditure}},
  doi = {10.1080/1025584031000091678},
  volume = {6},
  number = {2},
  pages = {99-111},
  journal = {Computer Methods in Biomechanics and Biomedical Engineering},
  year = {2003},
}
@inproceedings{vanDijk:2011,
  author       = {van Dijk, W. and van der Kooij, H. and Hekman, E.},
  title        = {A passive exoskeleton with artificial tendons: Design and experimental evaluation},
  date         = {2011},
  booktitle    = {2011 IEEE International Conference on Rehabilitation Robotics},
  eventdate    = {2011-06-29/2011-07-01},
  publisher    = {IEEE},
  location     = {Zurich, Switzerland},
}
@article{Wachter:2006,
  author = {W{\"a}chter, A. and Biegler, L.T.},
  title = {{On the implementation of an interior-point filter line-search algorithm for large-scale nonlinear programming}},
  doi = {10.1007/s10107-004-0559-y},
  volume = {106},
  pages = {25--57},
  journal = {Mathematical Programming},
  year = {2006},
}
@article{Waters:1999,
  author = {Waters, R.L. and Mulroy, S.},
  title = {{The energy expenditure of normal and pathologic gait}},
  doi = {10.1016/S0966-6362(99)00009-0},
  volume = {9},
  pages = {207--231},
  journal = {Gait and Posture},
  year = {1999},
}
@book{Winter:1991,
  author = {Winter, D.A.},
  title = {{Biomechanics and motor control of human gait: normal, elderly and pathological}},
  isbn = {0-88898-105-8},
  publisher = {Waterloo Biomechanics},
  edition = {2nd},
  year = {1991}
}
@article{Zhang:2017,
  author = {Zhang, J. and Fiers, P. and Witte, K.A. and Jackson, R.W. and Poggensee, K.L. and Atkeson, C.G. and Collins, S.H.},
  title = {{Human-in-the-loop optimization of exoskeleton assistance during walking}},
  doi = {10.1126/science.aal5054},
  volume = {356},
  pages = {1280–1284},
  journal = {Science},
  year = {2017},
}